@Book{Nishisato80,
  Author         = "S. Nishisato",
  Title          = "Analysis of categorical data: dual scaling and its
                   applications",
  Publisher      = "University of Toronto Press",
  Address        = "Toronto",
  pages          = "276",
  year           = 1980
}

@Book{Greenacre84,
  Author         = "M. J. Greenacre",
  Title          = "Theory and applications of correspondence analysis",
  Publisher      = "Academic Press",
  Address        = "London",
  year           = 1984
}

@Article{GreenacreHastie87,
  Author         = "M. Greenacre and T. Hastie",
  Title          = "The geometric interpretation of correspondence
                   analysis",
  Journal        = "Journal of the American Statistical Association",
  Volume         = "82",
  Pages          = "437--47",
  year           = 1987
}

@Book{Mardia79,
  Author         = "K. V. Mardia and J. T. Kent and J. M. Bibby",
  Title          = "Multivariate analysis",
  Publisher      = "Academic Press",
  Address        = "London",
  pages          = "521",
  year           = 1979
}

