@Article{terBLoom86,
  author =	 {C. J. F. ter~Braak and W. N. Looman},
  title =	 {Weighted averaging, logistic regression and the 
                    Gaussian response model},
  journal =	 {Vegetatio},
  year =	 1986,
  volume =	 65,
  pages =	 {3--11}}

@Article{OksaMinc02,
  author =	 {J. Oksanen and P. R. Minchin},
  title =	 {Continuum theory revisited: what shapes are species 
                responses along ecological gradients?},
  journal =	 {Ecological Modelling},
  year =	 2002,
  volume =	 157,
  pages =	 {119--129}}

@Article{OksaEtAl88,
  author =	 {Jari Oksanen and Esa L\"{a}\"{a}r\"{a} and 
                Pertti Huttunen and Jouko Meril\"{a}inen},
  title =	 {Estimation of pH optima and tolerances of diatoms 
                in lake sediments by the methods of weighted averaging, 
                least squares and maximum likelihood, and their use for 
                the prediction of lake acidity},
  journal =	 {Journal of Paleolimnology},
  year =	 1988,
  volume =	 1,
  pages =	 {39--49}}

@Book{CANOCO,
  author =	 {C. J. F. ter Braak and P. {\v S}milauer},
  title =	 {CANOCO reference manual and Cano\-Draw for {W}indows
                  user's guide: Software for canonical ordination
                  (version 4.5) },
  publisher =	 {Microcomputer Power},
  year =	 2002,
  address =	 {Ithaca, NY, USA}}

@book{LAPACK,
  author =	 {Anderson,, E. and Bai,, Z. and Bischof,, C. and
                  Blackford,, L. S. and Demmel,, J. and Dongarra,,
                  Jack J. and Du Croz,, J. and Hammarling,, S. and
                  Greenbaum,, A. and McKenney,, A. and Sorensen,, D.},
  title =	 {LAPACK Users' guide},
  edition =	 {3rd},
  year =	 1999,
  publisher =	 {SIAM Publications},
  address =	 {Philadelphia, PA, USA},
}

@Book{LINPACK,
  author =	 {J. J. Dongarra and J. R. Bunch and C. B. Moler and
                  G. W. Stewart},
  title =	 {{LINPACK} user's guide},
  publisher =	 {SIAM Publications},
  year =	 1978,
  address =	 {Philadelphia, PA, USA},
  edition =	 {3rd}}

@Article{LegeAnde99,
  author =	 {P. Legendre and Marti J. Anderson},
  title =	 {Canonical analysis of principal coordinates: a
                  useful method of constrained ordination for ecology},
  journal =	 {Ecology},
  year =	 1999,
  volume =	 84,
  pages =	 {511--525}}

@Article{LegeGall01,
  author =	 {P. Legendre and E. D. Gallagher},
  title =	 {Ecologically meaningful transformations for
                  ordination of species data},
  journal =	 {Oecologia},
  year =	 2001,
  volume =	 129,
  pages =	 {271--280}}

@book{MASS,
  author = {William N. Venables and Brian D. Ripley},
  title = {Modern Applied Statistics with {S}. Fourth Edition},
  publisher = {Springer},
  year = 2002,
  address = {New York},
}

@book{BlueBook,
  author = {Richard A. Becker and John M. Chambers and Allan
                  R. Wilks},
  title = {The New {S} Language},
  publisher = {Chapman \& Hall},
  year = 1988,
  address = {London},
  abstract = {This book is often called the ``\emph{Blue Book}'',
                  and introduced what is now known as S version 3, or S3.}
}

@book{Gree07,
  author = {Michael J Greenacre},
  title = {Correspondence Analysis in Practice, Second Edition},
  publisher = {Chapman \& Hall/CRC},
  year = 2007,
  address = {Boca Raton, FL},
}

@Book{LegeLege98,
  Author         = "P. Legendre and L. Legendre",
  Title          = "Numerical ecology",
  Publisher      = "Elsevier",
  Number         = "20",
  Series         = "Developments in Environmental Modelling",
  Address        = "Amsterdam",
  Edition        = "2nd",
  year           = 1998
}

@Book{Jong87,
  Author         = "R. H. Jongman and C. J. F. {ter~Braak} and O. F. R. 
                    van~Tongeren",
  Title          = "Data analysis in community and landscape ecology",
  Publisher      = "Pudoc",
  Address        = "Wageningen",
  pages          = "299",
  year           = 1987
}


@Article{Palm93,
  Author         = "M. W. Palmer",
  Title          = "Putting things in even better order: The advantages of
                   canonical correspondence analysis",
  Journal        = "Ecology",
  Volume         = "74",
  Pages          = "2215--2230",
  year           = 1993
}

@Article{terB86,
  Author         = "C. J. F. ter~Braak",
  Title          = "Canonical correspondence analysis: a new eigenvector
                   technique for multivariate direct gradient analysis",
  Journal        = "Ecology",
  Volume         = "67",
  Pages          = "1167--1179",
  year           = 1986
}

@Book{Nish80,
  Author         = "S. Nishisato",
  Title          = "Analysis of categorical data: dual scaling and its
                   applications",
  Publisher      = "Univ. Toronto Press",
  Address        = "Toronto",
  pages          = "276",
  year           = 1980
}

@Book{Gree84,
  Author         = "M. J. Greenacre",
  Title          = "Theory and applications of correspondence analysis",
  Publisher      = "Academic Press",
  Address        = "London",
  year           = 1984
}

@Article{GreeHast87,
  Author         = "M. J.  Greenacre and T. Hastie",
  Title          = "The geometric interpretation of correspondence
                   analysis",
  Journal        = "J.  Amer. Stat. Ass.",
  Volume         = "82",
  Pages          = "437--447",
  year           = 1987
}

@Book{Mard79,
  Author         = "K. V. Mardia and J. T. Kent and J. M. Bibby",
  Title          = "Multivariate analysis",
  Publisher      = "Academic Press",
  Address        = "London",
  pages          = "521",
  year           = 1979
}

